<record><leader>00000cas a22000007a 4500</leader><controlfield tag="001">9263245</controlfield><controlfield tag="008">830228d1843184umau x ne      0    0eng d</controlfield><controlfield tag="009">3768</controlfield><datafield ind1=" " ind2=" " tag="010"><subfield code="a">sn 83020110 </subfield></datafield><datafield ind1=" " ind2=" " tag="040"><subfield code="a">NPX</subfield><subfield code="b">eng</subfield><subfield code="c">NPX</subfield><subfield code="d">MGN</subfield></datafield><datafield ind1=" " ind2=" " tag="042"><subfield code="a">msc</subfield></datafield><datafield ind1=" " ind2=" " tag="043"><subfield code="a">n-us-ma</subfield></datafield><datafield ind1="0" ind2="0" tag="245"><subfield code="a">Liberty's advocate.</subfield></datafield><datafield ind1=" " ind2=" " tag="260"><subfield code="a">Amesbury, Mass. :</subfield><subfield code="b">Pettengill &amp; Colby,</subfield></datafield><datafield ind1=" " ind2=" " tag="300"><subfield code="a">v. ;</subfield><subfield code="c">40 cm.</subfield></datafield><datafield ind1=" " ind2=" " tag="310"><subfield code="a">Irregular</subfield></datafield><datafield ind1="0" ind2=" " tag="362"><subfield code="a">No. 1 (Sept. 19, 1843)-</subfield></datafield><datafield ind1=" " ind2=" " tag="500"><subfield code="a">Distributed also at Salisbury, Mass.</subfield></datafield><datafield ind1=" " ind2=" " tag="500"><subfield code="a">Campaign paper for the Liberty ticket.</subfield></datafield><datafield ind1=" " ind2=" " tag="515"><subfield code="a">Suspended between Nov. 1843 and Sept. 1846.</subfield></datafield><datafield ind1=" " ind2=" " tag="752"><subfield code="a">United States</subfield><subfield code="b">Massachusetts</subfield><subfield code="c">Essex</subfield><subfield code="d">Amesbury.</subfield></datafield><datafield ind1=" " ind2=" " tag="752"><subfield code="a">United States</subfield><subfield code="b">Massachusetts</subfield><subfield code="c">Essex</subfield><subfield code="d">Salisbury.</subfield></datafield></record>